@ARTICLE{bib:dealii2007,
    author  = {W. Bangerth and R. Hartmann and G. Kanschat},
    title   = {{\tt deal.{I}{I}} -- a General Purpose Object Oriented Finite Element Library},
    journal = {ACM Trans. Math. Softw.},
    year    = {2007},
    volume  = {33},
    pages   = {24/1--24/27},
    number  = {4}
}
@BOOK{bib:Briggs2000AMT,
    title     = {A multigrid tutorial},
    publisher = {SIAM},
    year      = {2000},
    author    = {Briggs, William L. and Henson, Van Emden and McCormick, Steve F.},
    address   = {Philadelphia, PA, USA},
    edition   = {2nd},
    isbn      = {0-89871-462-1}
}
@INPROCEEDINGS{bib:Cuthill1969RTBOSSM,
    author    = {Cuthill, E. and McKee, J.},
    title     = {Reducing the bandwidth of sparse symmetric matrices},
    booktitle = {Proceedings of the 1969 24th national conference},
    year      = {1969},
    series    = {ACM},
    pages     = {157--172},
    address   = {New York, NY, USA},
    publisher = {ACM},
    acmid     = {805928},
    doi       = {\url{http://doi.acm.org/10.1145/800195.805928}},
    numpages  = {16}
}
@INPROCEEDINGS{bib:Dolev09FC,
    author    = {D. Dolev and D. Bickson and J.K. Johnson},
    title     = {Fixing convergence of {G}aussian belief propagation},
    booktitle = {IEEE Int. Symp. on Inform. Theory (ISIT)},
    year      = {2009},
    pages     = {1674--1678},
    month     = {June}
}
@INPROCEEDINGS{bib:Elidan06ResidualBP,
    author    = {G. Elidan and I. McGraw and D. Koller},
    title     = {Residual Belief Propagation: {I}nformed Scheduling for Asynchronous Message Passing},
    booktitle = {Proceedings of the Twenty-second Conference on Uncertainty in AI (UAI)},
    year      = {2006},
    address   = {Boston, Massachussetts},
    month     = {July}
}
@INPROCEEDINGS{bib:El-Kurdi2012RGBP,
    author    = {El-Kurdi, Y. and Giannacopoulos, D. and Gross, W.J.},
    title     = {Relaxed {G}aussian Belief Propagation},
    booktitle = {Information Theory Proceedings (ISIT), 2012 IEEE International Symposium on},
    year      = {2012},
    pages     = {2002 -2006},
    month     = {July},
    doi       = {10.1109/ISIT.2012.6283652},
    issn      = {2157-8095}
}
@INPROCEEDINGS{bib:El-Kurdi2012FEM-GaBP,
    author    = {El-Kurdi, Y. and Gross, W.J. and Giannacopoulos, D.},
    title     = {Parallel Solution of the Finite Element Method using {G}aussian Belief Propagation},
    booktitle = {The 15th Biennial IEEE Conference on Electromagnetic Field Computation},
    year      = {2012},
    pages     = {141}
}
@ARTICLE{bib:El-Kurdi2012EIOGBPSFLSDDLS,
    author  = {El-Kurdi, Y. and Gross, W. J. and Giannacopoulos, D.},
    title   = {Efficient Implementation of {G}aussian Belief Propagation Solver for Large Sparse Diagonally Dominant Linear Systems},
    journal = IEEE_J_MAG,
    year    = {2012},
    volume  = {48},
    pages   = {471 -474},
    number  = {2},
    month   = {Feb. },
    doi     = {10.1109/TMAG.2011.2176318},
    issn    = {0018-9464}
}
@ARTICLE{bib:El-Kurdi2013FMGaBP,
    author   = {El-Kurdi, Y. and Gross, W. J. and Giannacopoulos, D.},
    title    = {Parallel Multigrid Acceleration for the Finite Element {G}aussian Belief Propagation Algorithm},
    journal  = IEEE_J_MAG,
    year     = {2014},
    year     = {2014},
    month    = {Feb.},
    volume   = {50},
    number   = {2},
    pages    = {581-584},
    keywords = {Gaussian processes;Laplace equations;belief networks;finite element analysis;parallel algorithms;FEM computation;FMGaBP;Laplace benchmark problems;finite-element Gaussian belief propagation algorithm;finite-element Gaussian belief propagation solver;parallel message scheduling;parallel multigrid acceleration;stencil-like element-by-element operations;Belief propagation;Convergence;Finite element analysis;Graphical models;Libraries;Sparse matrices;Vectors;FEMs;Gaussian belief propagation (GaBP);multigrid},
    doi      = {10.1109/TMAG.2013.2284483},
    ISSN     = {0018-9464},
}
@ARTICLE{bib:George1989TEOTMDOA,
    author    = {George, A. and Liu, W. H.},
    title     = {The evolution of the minimum degree ordering algorithm},
    journal   = {SIAM Rev.},
    year      = {1989},
    volume    = {31},
    pages     = {1--19},
    month     = {March},
    acmid     = {75574},
    address   = {Philadelphia, PA, USA},
    doi       = {10.1137/1031001},
    issn      = {0036-1445},
    issue     = {1},
    numpages  = {19},
    publisher = {Society for Industrial and Applied Mathematics}
}
@ARTICLE{bib:gmsh2009,
    author    = {Geuzaine, Christophe and Remacle, Jean-Fran√ßois},
    title     = {Gmsh: A 3-{D} finite element mesh generator with built-in pre- and post-processing facilities},
    journal   = {International Journal for Numerical Methods in Engineering},
    year      = {2009},
    volume    = {79},
    pages     = {1309--1331},
    number    = {11},
    publisher = {Wiley Online Library},
    url       = {\url{http://doi.wiley.com/10.1002/nme.2579}}
}
@UNPUBLISHED{bib:HammersleyClifford1971,
    author  = {Hammersley, J. and Clifford, Peter},
    title   = {{Markov Fields on Finite Graphs and Lattices}},
    year    = {1971},
    comment = {unpublished}
}
@BOOK{bib:Jin2002TFEMIE,
    title     = {The Finite Element Method in Electromagnetics},
    publisher = {Wiley-IEEE Press},
    year      = {2002},
    author    = {Jianming Jin},
    address   = {New York, USA},
    edition   = {2nd}
}
@INPROCEEDINGS{bib:Johnson2006WIAGBP,
    author    = {Jason K. Johnson and Dmitry M. Malioutov and Alan S. Willsky},
    title     = {Walk-Sum Interpretation and Analysis of {G}aussian Belief Propagation},
    booktitle = {Advances in Neural Information Processing Systems 18},
    year      = {2006},
    pages     = {579--586},
    publisher = {MIT Press}
}
@article{bib:malioutov2006walk,
  title     = {Walk-sums and belief propagation in Gaussian graphical models},
  author    = {Malioutov, Dmitry M and Johnson, Jason K and Willsky, Alan S},
  journal   = {The Journal of Machine Learning Research},
  volume    = {7},
  pages     = {2031--2064},
  year      = {2006},
  publisher = {JMLR. org}
}
@ARTICLE{bib:Kschischang2001FGATSA,
    author      = {Kschischang, F. R. and Frey, B. J. and Loeliger, H. A.},
    title       = {{F}actor graphs and the sum-product algorithm},
    journal     = IEEE_J_IT,
    year        = {2001},
    volume      = {47},
    pages       = {498--519},
    number      = {2},
    month       = {Feb.},
    booktitle   = {Information Theory, IEEE Transactions on},
    institution = {Dept. of Electr. \& Comput. Eng., Toronto Univ., Ont.},
    issn        = {0018-9448},
    posted-at   = {2006-11-09 13:49:44},
    priority    = {2},
    publisher   = {IEEE}
}
@BOOK{bib:Pearl88ProbabilisticReasoning,
    title     = {Probabilistic Reasoning in Intelligent Systems: Networks of Plausible Inference},
    publisher = {Morgan Kaufmann},
    year      = {1988},
    author    = {Judea Pearl}
}
@MISC{bib:getfem,
    author       = {Yves Renard and Julien Pommier},
    title        = {Get{FEM++} -- an open-source finite element library},
    howpublished = {\url{http://download.gna.org/getfem/html/homepage/}}
}
@INPROCEEDINGS{bib:Shental2008GBPSSLE,
    author    = {O. Shental and P.H. Siegel and J.K. Wolf and D. Bickson and D. Dolev},
    title     = {{G}aussian belief propagation solver for systems of linear equations},
    booktitle = {IEEE Int. Symp. on Inform. Theory (ISIT)},
    year      = {2008},
    pages     = {1863--1867},
    month     = {June-Nov.}
}
@BOOK{bib:Silvester1996FEEE,
    title     = {Finite Elements For Electrical Engineers},
    publisher = {Cambridge University Press},
    year      = {1996},
    author    = {Peter P. Silvester and Ronald L. Ferrari},
    address   = {New York, USA},
    edition   = {3rd},
    isbn      = {0-521-44505-1}
}
@ARTICLE{bib:Sudderth2004ETEGPGC,
    author  = {E.B. Sudderth and M.J. Wainwright and A.S. Willsky},
    title   = {Embedded trees: Estimation of {G}aussian Processes on graphs with cycles},
    journal = IEEE_J_SP,
    year    = {2004},
    volume  = {52},
    pages   = { 3136--3150},
    number  = {11},
    month   = {Nov.},
    doi     = {10.1109/TSP.2004.836539},
    issn    = {1053-587X}
}
@BOOK{bib:Trottenberg2001M,
    title     = {Multigrid},
    publisher = {Academic Press},
    year      = {2001},
    author    = {Trottenberg, U. and Oosterlee, C.C.W. and Sch{\"u}ller, A.},
    isbn      = {9780127010700}
}
@INPROCEEDINGS{bib:DemmelOSKI,
    author    = {Richard Vuduc and James W. Demmel and Katherine A. Yelick},
    title     = {{OSKI}: {A} library of automatically tuned sparse matrix kernels},
    booktitle = {Proceedings of SciDAC 2005},
    year      = {2005},
    series    = {Journal of Physics: Conference Series},
    address   = {San Francisco, CA, USA},
    month     = {June},
    publisher = {Institute of Physics Publishing}
}
@ARTICLE{bib:Wainwright2008GMEFAVI,
    author    = {Wainwright, Martin J. and Jordan, Michael I.},
    title     = {Graphical Models, Exponential Families, and Variational Inference},
    journal   = {Foundations and Trends in Machine Learning},
    year      = {2008},
    volume    = {1},
    pages     = {1--305},
    month     = {January},
    acmid     = {1498841},
    address   = {Hanover, MA, USA},
    doi       = {10.1561/2200000001},
    issn      = {1935-8237},
    issue     = {1-2},
    numpages  = {305},
    publisher = {Now Publishers Inc.}
}
@ARTICLE{bib:Weiss01CorrectnessBelief,
    author    = {Yair Weiss and William T. Freeman},
    title     = {Correctness of Belief Propagation in {G}aussian Graphical Models of Arbitrary Topology},
    journal   = {Neural Computation},
    year      = {2001},
    volume    = {13},
    pages     = {2173--2200},
    number    = {10},
    address   = {Cambridge, MA, USA},
    issn      = {0899-7667},
    publisher = {MIT Press}
}
@INPROCEEDINGS{bib:Demmel2007OODMVMOEMP,
    author    = {Williams, S. and Oliker, L. and Vuduc, R. and Shalf, J. and Yelick, K. and Demmel, J.},
    title     = {Optimization of sparse matrix-vector multiplication on emerging multicore platforms},
    booktitle = {In Proc. ACM/IEEE Conf. Supercomputing, SC '07},
    year      = {2007},
    pages     = {1--12},
    doi       = {10.1145/1362622.1362674}
}
@ARTICLE{bib:Yedidia2004CFEAAGBPA,
    author  = {Jonathan S. Yedidia and William T. Freeman and Yair Weiss},
    title   = {Constructing Free Energy Approximations and Generalized Belief Propagation Algorithms},
    journal = {IEEE Trans. Inf. Theory},
    year    = {2004},
    volume  = {51},
    pages   = {2282--2312}
}
@inproceedings{bib:Yedidia2000genbp,
    author = {Yedidia, J.S. and Freeman, W.T. and Weiss, Y.},
    title = {Generalized Belief Propagation},
    booktitle = {Advances in Neural Information Processing Systems (NIPS)},
    year = 2000,
    volume = 13,
    pages = {689--695},
    month = {Dec.},
    url = {http://www.merl.com/publications/TR2000-26}
}
@MISC{bib:gmm,
    title        = {{Gmm++}: a generic template matrix C++library},
    note         = {retrieved 2013},
    howpublished = {\url{http://download.gna.org/getfem/html/homepage/gmm.html}}
}
@MISC{bib:matrixMarket,
    title        = {{M}atrix {M}arket: {H}arwell {B}oeing {C}ollection},
    howpublished = {\url{http://math.nist.gov/MatrixMarket/index.html}}
}
@MISC{bib:UFSparseMatrix,
    title        = {{T}he {U}niversity of {F}lorida {S}parse {M}atrix {C}ollection},
    note         = {submitted to ACM Transactions on Mathematical Software},
    howpublished = {\url{http://www.cise.ufl.edu/research/sparse/matrices}}
}
@MISC{bib:PETSc,
    title        = {{PETSc} - Portable, Extensible Toolkit for Scientific Computation},
    note         = {retrieved 2013},
    howpublished = {\url{http://www.mcs.anl.gov/petsc/petsc-as/}}
}
@ARTICLE{bib:Trilinos,
    author    = {Michael A. Heroux and Roscoe A. Bartlett and Vicki E. Howle and Robert J. Hoekstra and Jonathan J. Hu and Tamara G. Kolda and Richard B. Lehoucq and Kevin R. Long and Roger P. Pawlowski and Eric T. Phipps and Andrew G. Salinger and Heidi K. Thornquist and Ray S. Tuminaro and James M. Willenbring and Alan Williams and Kendall S. Stanley},
    title     = {An overview of the Trilinos project},
    journal   = {ACM Trans. Math. Softw.},
    year      = {2005},
    volume    = {31},
    pages     = {397--423},
    number    = {3},
    address   = {New York, NY, USA},
    doi       = {\url{http://doi.acm.org/10.1145/1089014.1089021}},
    issn      = {0098-3500},
    publisher = {ACM Press},
    url       = {\url{http://trilinos.sandia.gov}}
}
@MISC{bib:mpiForum,
    author       = {{{MPI} Forum}},
    title        = {{Message Passing Interface {(MPI)} Forum Home Page}},
    howpublished = {\url{http://www.mpi-forum.org/} (Dec. 2009)}
}
@MISC{bib:eigen,
    author       = {Ga\"{e}l Guennebaud and Beno\^{i}t Jacob and others},
    title        = {Eigen v3},
    howpublished = {\url{http://eigen.tuxfamily.org}},
    year         = {2010}
}
@BOOK{bib:lapack,
    AUTHOR    = {Anderson, E. and Bai, Z. and Bischof, C. and Blackford, S. and Demmel, J. and Dongarra, J. and Du Croz, J. and Greenbaum, A. and Hammarling, S. and McKenney, A. and Sorensen, D.},
    TITLE     = {{LAPACK} Users' Guide},
    EDITION   = {3rd},
    PUBLISHER = {Society for Industrial and Applied Mathematics},
    YEAR      = {1999},
    ADDRESS   = {Philadelphia, PA},
    ISBN      = {0-89871-447-8 (paperback)}
}
@ARTICLE{bib:boomerAMG,
    author  = {Van Emden Henson and Ulrike Meier Yang},
    title   = {BoomerAMG: a Parallel Algebraic Multigrid Solver and Preconditioner},
    journal = {Applied Numerical Mathematics},
    year    = {2002},
    volume  = {41},
    pages   = {155--177}
}
@Book{bib:Bangerth2003AFEMDF,
    author    = {Wolfgang Bangerth and Rolf Rannacher},
    title     = {Adaptive Finite Element Methods for Differential Equations},
    publisher = {Birkh{\"a}user Verlag},
    year      = 2003
}
@article{bib:Becker2001AOCAAPEEFEM,
    author   = {Becker,Roland and Rannacher,Rolf},
    title    = {An optimal control approach to a posteriori error estimation in finite element methods},
    journal  = {Acta Numerica 2001},
    volume   = {10},
    month    = {May},
    year     = {2001},
    issn     = {1474-0508},
    pages    = {1--102},
    numpages = {102},
    doi      = {10.1017/S0962492901000010},
    URL      = {\url{http://journals.cambridge.org/article_S0962492901000010}},
}
@Article{bib:Bertsekas1983DACFP,
    Title     = {Distributed asynchronous computation of fixed points},
    Author    = {Bertsekas, Dimitri},
    Journal   = {Mathematical Programming},
    Year      = {1983},
    Number    = {1},
    Pages     = {107-120},
    Volume    = {27},
    Doi       = {10.1007/BF02591967},
    ISSN      = {0025-5610},
    Language  = {English},
    Owner     = {yelkurdi},
    Publisher = {Springer-Verlag},
    Timestamp = {2013.11.09},
    Url       = {http://dx.doi.org/10.1007/BF02591967}
}
@book{bib:Hennessy2012CAQA,
    author    = {John L. Hennessy and David A. Patterson},
    title     = {Computer Architecture - A Quantitative Approach},
    publisher = {Morgan Kaufmann Publishers Inc.},
    year      = {2012},
    Edition   = {5th},
    Address   = {San Francisco, CA, USA},
    isbn      = {978-0-12-383872-8}
}
@Article{bib:George2011NFSRS,
    Title   = {Novo-G: At the Forefront of Scalable Reconfigurable Supercomputing},
    Author  = {A. George and H. Lam and G. Stitt},
    Journal = {Computing in Science Engineering},
    Year    = {2011},
    Month   = {Jan.-Feb.},
    Number  = {1},
    Pages   = {82--86},
    Volume  = {13},
    Doi     = {10.1109/MCSE.2011.11},
    ISSN    = {1521-9615}
}
@Article{bib:Flynn1972SCOTE,
    Title   = {Some Computer Organizations and Their Effectiveness},
    Author  = {Michael J. Flynn},
    Journal = {Computers, IEEE Transactions on},
    Year    = {1972},
    Month   = {Sept.},
    Number  = {9},
    Pages   = {948--960},
    Volume  = {C-21},
    Doi     = {10.1109/TC.1972.5009071},
    ISSN    = {0018-9340}
}
@InProceedings{bib:Wang07EXOCHI,
    Title     = {EXOCHI: architecture and programming environment for a heterogeneous multi-core multithreaded system},
    Author    = {Perry H. Wang and Jamison D. Collins and Gautham N. Chinya and Hong Jiang and Xinmin Tian and Milind Girkar and Nick Y. Yang and Guei-Yuan Lueh and Hong Wang},
    Booktitle = {PLDI '07: Proceedings of the 2007 ACM SIGPLAN conference on Programming language design and implementation},
    Year      = {2007},
    Address   = {New York, NY, USA},
    Pages     = {156--166},
    Publisher = {ACM},
    Doi       = {http://doi.acm.org/10.1145/1250734.1250753},
    ISBN      = {978-1-59593-633-2},
    Location  = {San Diego, California, USA}
}
@Electronic{bib:Phi,
    Title        = {Intel\textsuperscript{\textregistered} {X}eon {P}hi\textsuperscript{\texttrademark} Product Family},
    Author       = {{Intel Corporation}},
    HowPublished = {\url{http://www.intel.com/content/www/us/en/processors/xeon/xeon-phi-detail.html}},
    Url          = {http://www.intel.com/content/www/us/en/processors/xeon/xeon-phi-detail.html},
    Year         = {2013}
}
@Book{bib:Saad2003IMFSLS2E,
    Title     = {Iterative Methods for Sparse Linear Systems},
    Author    = {Y. Saad},
    Publisher = {SIAM},
    Year      = {2003},
    Address   = {Philadelpha, PA},
    Edition   = {2nd}
}
@MISC{bib:octave2012,
    author   = {{Octave community}},
    keywords = {Octave,Software},
    title    = {{GNU/Octave}},
    url      = {www.gnu.org/software/octave/},
    year     = {2012}
}
@ARTICLE{bib:david2010mabpmt, 
    author  = {Fern{\'a}ndez, D. and Giannacopoulos, D. and Gross, W.},
    journal = IEEE_J_MAG,
    title   = {Multicore Acceleration of CG Algorithms Using Blocked-Pipeline-Matching Techniques},
    year    = {2010},
    volume  = {46},
    number  = {8},
    pages   = {3057-3060},
    doi     = {10.1109/TMAG.2010.2044023},
    ISSN    = {0018-9464}
}
@ARTICLE{bib:elkurdi2007hafem, 
    author  = {El-Kurdi, Y. and Giannacopoulos, D. and Gross, W.J.},
    journal = {IEEE Transactions on Magnetics},
    title   = {Hardware Acceleration for Finite-Element Electromagnetics: Efficient Sparse Matrix Floating-Point Computations With FPGAs},
    year    = {2007},
    volume  = {43},
    number  = {4},
    pages   = {1525-1528},
    doi     = {10.1109/TMAG.2007.892459},
    ISSN    = {0018-9464}
}
@Article{bib:El-Kurdi2008FAAIOSMMFTFEM,
    Title     = {{FPGA} architecture and implementation of sparse matrix-vector multiplication for the finite element method},
    Author    = {Yousef El-Kurdi and David Fern{\'a}ndez and Evgueni Souleimanov and Dennis Giannacopoulos and Warren J. Gross},
    Journal   = {Computer Physics Communications},
    Year      = {2008},
    Number    = {8},
    Pages     = {558-570},
    Volume    = {178},
    Bibsource = {DBLP, http://dblp.uni-trier.de},
    Ee        = {http://dx.doi.org/10.1016/j.cpc.2007.11.014}
}
@Article{bib:George1973NestedDisssection,
    Title   = {Nested Dissection of a Regular Finite Element Mesh},
    Author  = {George, A.},
    Journal = {SIAM Journal on Numerical Analysis},
    Year    = {1973},
    Number  = {2},
    Pages   = {345-363},
    Volume  = {10},
    Doi     = {10.1137/0710032},
    Eprint  = {http://epubs.siam.org/doi/pdf/10.1137/0710032},
    Url     = {http://epubs.siam.org/doi/abs/10.1137/0710032}
}
@book{bib:Demmel1997anla,
    author    = "James W. Demmel",
    title     = "Applied Numerical Linear Algebra",
    publisher = "SIAM",
    year      = "1997",
}
@BOOK{bib:Demmel1994Templates,
    AUTHOR    = {R. Barrett and M. Berry and T. F. Chan and J. Demmel and J. Donato and J. Dongarra and V. Eijkhout and R. Pozo and C. Romine and H. Van der Vorst },
    TITLE     = {Templates for the Solution of Linear Systems: Building Blocks for Iterative Methods},
    PUBLISHER = {SIAM},
    YEAR      = {1994},
    Edition   = {2nd},
    ADDRESS   = {Philadelphia, PA}
}
@book{bib:Golub1996MC,
    author    = {Golub, Gene H. and Van Loan, Charles F.},
    title     = {Matrix Computations},
    year      = {1996},
    isbn      = {0-8018-5414-8},
    publisher = {Johns Hopkins University Press},
    Edition   = {3rd},
    address   = {Baltimore, MD, USA},
} 
@Article{bib:Golub1989SHC,
    author  = {Gene H. Golub and Dianne P. O'Leary},
    title   = {Some history of the conjugate gradient and {Lanczos} algorithms: 1948--1976},
    journal = {SIAM Review},
    volume  = {31},
    number  = {1},
    pages   = {50--102},
    month   = {March},
    year    = {1989}
}
@techreport{bib:Shewchuk1994ICG,
    author    = {Shewchuk, J.},
    title     = {An Introduction to the Conjugate Gradient Method Without the Agonizing Pain},
    year      = {1994},
    source    = {\url{http://www.cs.cmu.edu/~jrs/jrspapers.html}},
    publisher = {Carnegie Mellon University},
    address   = {Pittsburgh, PA, USA},
}
@article{bib:UMFPACKDavis2004,
    author     = {Davis, Timothy A.},
    title      = {Algorithm 832: {UMFPACK} V4.3---an Unsymmetric-pattern Multifrontal Method},
    journal    = {ACM Trans. Math. Softw.},
    issue_date = {June 2004},
    volume     = {30},
    number     = {2},
    month      = {June},
    year       = {2004},
    issn       = {0098-3500},
    pages      = {196--199},
    numpages   = {4},
    url        = {http://doi.acm.org/10.1145/992200.992206},
    doi        = {10.1145/992200.992206},
    acmid      = {992206},
    publisher  = {ACM},
    address    = {New York, NY, USA},
    keywords   = {linear equations, multifrontal method, ordering methods, sparse nonsymmetric matrices},
}
@article{bib:Davis2004CPS,
    author     = {Davis, Timothy A.},
    title      = {A Column Pre-ordering Strategy for the Unsymmetric-pattern Multifrontal Method},
    journal    = {ACM Trans. Math. Softw.},
    issue_date = {June 2004},
    volume     = {30},
    number     = {2},
    month      = {June},
    year       = {2004},
    issn       = {0098-3500},
    pages      = {165--195},
    numpages   = {31},
    url        = {http://doi.acm.org/10.1145/992200.992205},
    doi        = {10.1145/992200.992205},
    acmid      = {992205},
    publisher  = {ACM},
    address    = {New York, NY, USA},
    keywords   = {linear equations, multifrontal method, ordering methods, sparse nonsymmetric matrices},
} 
@article{bib:SuperLU,
    AUTHOR  = {Xiaoye S. Li},
    TITLE   = {An Overview of {SuperLU}: Algorithms, Implementation, and User Interface},
    journal = toms,
    volume  = {31},
    number  = {3},
    month   = {Sept.},
    year    = {2005},
    pages   = {302-325},
}
@techreport{bib:SuperLUUG,
    AUTHOR      = {X.S. Li and J.W. Demmel and J.R. Gilbert and iL. Grigori and M. Shao and I. Yamazaki},
    INSTITUTION = {Lawrence Berkeley National Laboratory},
    NUMBER      = {LBNL-44289},
    TITLE       = {{SuperLU Users' Guide}},
    MONTH       = {Sept.},
    YEAR        = {1999},
    NOTE        = "\url{http://crd.lbl.gov/~xiaoye/SuperLU/}. Last update: August 2011"
}
@InCollection{bib:MUMPS,
    author    = {Amestoy, Patrick R. and Buttari, Alfredo and Duff, Iain S. and Guermouche, Abdou and L'Excellent, Jean-Yves and U\c{c}ar, Bora},
    title     = {{MUMPS}},
    booktitle = {Encyclopedia of Parallel Computing},
    editor    = {David Padua},
    year      = 2011,
    publisher = {Springer},
    x-pays    = {GB}
}
@InCollection{bib:KettlerACMGCG,
    Title     = {Analysis and comparison of relaxation schemes in robust multigrid and preconditioned conjugate gradient methods},
    Author    = {Rob Kettler},
    Booktitle = {Multigrid Methods},
    Publisher = {Springer Berlin Heidelberg},
    Year      = {1982},
    Editor    = {W. Hackbusch and U. Trottenberg},
    Pages     = {502--534},
    Series    = {Lecture Notes in Mathematics 960},
    Doi       = {10.1007/BFb0069941}
}
@inproceedings{bib:graphlab2010,
    title       = {GraphLab: A New Parallel Framework for Machine Learning},
    author      = {Yucheng Low and Joseph Gonzalez and Aapo Kyrola and Danny Bickson and Carlos Guestrin and Joseph M. Hellerstein},
    booktitle   = {Conference on Uncertainty in Artificial Intelligence (UAI)},
    month       = {July},
    year        = {2010},
    address     = {Catalina Island, California},
    wwwfilebase = {uai2010-low-gonzalez-kyrola-bickson-guestrin-hellerstein},
    wwwtopic    = {Parallel Learning},
}
@ARTICLE{bib:Mceliece98turbodecoding,
    author  = {Robert J. Mceliece and David J. C. Mackay and Jung-fu Cheng},
    title   = {Turbo decoding as an instance of Pearl‚Äôs belief propagation algorithm},
    journal = {IEEE Journal on Selected Areas in Communications},
    year    = {1998},
    volume  = {16},
    pages   = {140--152}
}
@INPROCEEDINGS{bib:cv1999, 
    author    = {Freeman, W.T. and Pasztor, E.C.},
    booktitle = {Computer Vision, 1999. The Proceedings of the Seventh IEEE International Conference on},
    title     = {Learning low-level vision},
    year      = {1999},
    volume    = {2},
    pages     = {1182-1189 vol.2},
    doi       = {10.1109/ICCV.1999.790414}
}
@article{bibSun2003SMU,
    author     = {Sun, Jian and Zheng, Nan-Ning and Shum, Heung-Yeung},
    title      = {Stereo Matching Using Belief Propagation},
    journal    = {IEEE Trans. Pattern Anal. Mach. Intell.},
    issue_date = {July 2003},
    volume     = {25},
    number     = {7},
    month      = {July},
    year       = {2003},
    issn       = {0162-8828},
    pages      = {787--800},
    numpages   = {14},
    url        = {http://dx.doi.org/10.1109/TPAMI.2003.1206509},
    doi        = {10.1109/TPAMI.2003.1206509},
    acmid      = {859018},
    publisher  = {IEEE Computer Society},
    address    = {Washington, DC, USA},
    keywords   = {Stereoscopic vision, belief propagation, Markov network, Bayesian inference.},
} 
@article{bib:Wainwright03tbrfasp,
    author    = {Martin J. Wainwright and Tommi Jaakkola and Alan S. Willsky},
    title     = {Tree-based reparameterization framework for analysis of sum-product and related algorithms},
    journal   = {IEEE Transactions on Information Theory},
    volume    = {49},
    number    = {5},
    year      = {2003},
    pages     = {1120-1146},
    ee        = {http://dx.doi.org/10.1109/TIT.2003.810642},
    bibsource = {DBLP, http://dblp.uni-trier.de}
}
@InCollection{bib:Frey2001NIPS,
    Title     = {Very loopy belief propagation for unwrapping phase images},
    Author    = {Brendan J. Frey and Ralf Koetter and Nemanja Petrovic},
    Booktitle = {Advances in Neural Information Processing Systems 14},
    Year      = {2001},
    Pages     = {737--743},
    url       = {http://media.nips.cc/nipsbooks/nipspapers/paper_files/nips14/AA39.pdf}
}
@ARTICLE{bib:Kolmogorov2006ctr, 
    author  = {Kolmogorov, V.},
    journal = {IEEE Transactions on Pattern Analysis and Machine Intelligence},
    title   = {Convergent Tree-Reweighted Message Passing for Energy Minimization},
    year    = {2006},
    volume  = {28},
    number  = {10},
    pages   = {1568-1583},
    doi     = {10.1109/TPAMI.2006.200},
    ISSN    = {0162-8828}
}
@article{DBLP:journals/corr/abs-1301-6725,
    author    = {Kevin P. Murphy and Yair Weiss and Michael I. Jordan},
    title     = {Loopy Belief Propagation for Approximate Inference: An Empirical Study},
    journal   = {CoRR},
    volume    = {abs/1301.6725},
    year      = {2013},
    ee        = {http://arxiv.org/abs/1301.6725},
    bibsource = {DBLP, http://dblp.uni-trier.de}
}
@inproceedings{bib:Weiss2005gobp,
    author    = {Talya Meltzer and Chen Yanover and Yair Weiss},
    title     = {Globally Optimal Solutions for Energy Minimization in Stereo Vision Using Reweighted Belief Propagation.},
    booktitle = {International Conference on Computer Vision},
    year      = {2005},
    pages     = {428-435},
    ee        = {http://doi.ieeecomputersociety.org/10.1109/ICCV.2005.110},
    crossref  = {DBLP:conf/iccv/2005},
    bibsource = {DBLP, http://dblp.uni-trier.de}
}
@Article{bib:Szeliski2008CS,
    Title     = {A Comparative Study of Energy Minimization Methods for Markov Random Fields with Smoothness-Based Priors},
    Author    = {Richard Szeliski and Ramin Zabih and Daniel Scharstein and Olga Veksler and Vladimir Kolmogorov and Aseem Agarwala and Marshall Tappen and Carsten Rother},
    Journal   = {IEEE Transactions on Pattern Analysis and Machine Intelligence},
    Year      = {2008},
    Number    = {6},
    Pages     = {1068-1080},
    Volume    = {30},
    Address   = {Los Alamitos, CA, USA},
    Doi       = {http://doi.ieeecomputersociety.org/10.1109/TPAMI.2007.70844},
    ISSN      = {0162-8828},
    Publisher = {IEEE Computer Society}
}
@ARTICLE{bib:Luby2001ILDPC, 
    author  = {Luby, M.G. and Mitzenmacher, M. and Shokrollahi, M.A. and Spielman, D.A.},
    journal = {IEEE Transactions on Information Theory},
    title   = {Improved low-density parity-check codes using irregular graphs},
    year    = {2001},
    volume  = {47},
    number  = {2},
    pages   = {585-598},
    doi     = {10.1109/18.910576},
    ISSN    = {0018-9448},
}
@ARTICLE{Richardson2001CLDPC, 
    author={Richardson, T.J. and Urbanke, R.L.}, 
    journal={IEEE Transactions on Information Theory}, 
    title={The capacity of low-density parity-check codes under message-passing decoding}, 
    year={2001}, 
    volume={47}, 
    number={2}, 
    pages={599-618}, 
    doi={10.1109/18.910577}, 
    ISSN={0018-9448},
}
@article{bib:BronK1973,
    author    = {Bron, Coen and Kerbosch, Joep},
    title     = {Algorithm 457: finding all cliques of an undirected graph},
    journal   = {Communications of ACM},
    volume    = {16},
    number    = {9},
    pages     = {575--577},
    publisher = {ACM},
    year      = {1973},
    month     = {Sept.},
    address   = {New York, NY, USA},
    doi       = {10.1145/362342.362367},
}
@article{bib:TomitaTT2006,
    author    = {Tomita, Etsuji and Tanaka, Akira and Takahashi, Haruhisa},
    title     = {The worst-case time complexity for generating all maximal cliques and computational experiments},
    journal   = {Theoretical Computer Science},
    volume    = {363},
    number    = {1},
    pages     = {28--42},
    publisher = {Elsevier},
    year      = {2006},
    doi       = {10.1016/j.tcs.2006.06.015},
}
@article{bib:Darehmiraki2009,
    author  = {Darehmiraki, Majid},
    title   = {A new solution for maximal clique problem based sticker model.},
    journal = {Bio Systems},
    volume  = {95},
    number  = {2},
    pages   = {145-9},
    year    = {2009},
    month   = {Feb.},
    doi     = {10.1016/j.biosystems.2008.09.007},
}
@article{bib:Akkoyunlu1973,
    author    = {E. A. Akkoyunlu},
    title     = {The Enumeration of Maximal Cliques of Large Graphs},
    journal   = {SIAM Journal on Computing},
    volume    = {2},
    number    = {1},
    year      = {1973},
    pages     = {1-6},
    ee        = {http://dx.doi.org/10.1137/0202001},
    bibsource = {DBLP, http://dblp.uni-trier.de}
}
@article{bib:Szabo2011,
    author  = {S{\'a}ndor Szab{\'o}},
    title   = {Parallel algorithms for finding cliques in a graph},
    journal = {Journal of Physics: Conference Series},
    volume  = {268},
    number  = {1},
    pages   = {012030},
    year    = {2011},
    doi     = {10.1088/1742-6596/268/1/012030},
} 
@book{bib:Berg2008CGA,
    author    = {Berg, Mark de and Cheong, Otfried and Kreveld, Marc van and Overmars, Mark},
    title     = {Computational Geometry: Algorithms and Applications},
    year      = {2008},
    isbn      = {978-3-540-77973-5},
    edition   = {3rd},
    publisher = {Springer-Verlag TELOS},
    address   = {Santa Clara, CA, USA},
} 
@ARTICLE{bib:p4est,
    author  = {Carsten Burstedde and Lucas C. Wilcox and Omar Ghattas},
    title   = {{\texttt{p4est}}: Scalable Algorithms for Parallel Adaptive Mesh Refinement on Forests of Octrees},
    journal = {SIAM Journal on Scientific Computing},
    volume  = {33},
    number  = {3},
    pages   = {1103-1133},
    year    = {2011},
    doi     = {10.1137/100791634}
}
@ARTICLE{bib:p4estDealii,
    author  = {Wolfgang Bangerth and Carsten Burstedde and Timo Heister and Martin Kronbichler},
    title   = {Algorithms and Data Structures for Massively Parallel Generic Adaptive Finite Element Codes},
    journal = {ACM Transactions on Mathematical Software},
    volume  = {38},
    number  = {2},
    pages   = {14:1-14:28},
    year    = {2011}
}
@MISC{bib:metis,
    author       = {George Karypis and Vipin Kumar},
    title        = {{MeTis: Unstructured Graph Partitioning and Sparse Matrix Ordering System, Version 4.0}},
    howpublished = {\url{http://www.cs.umn.edu/~metis}},
    year         = {2009},
    organization = {University of Minnesota, Minneapolis, MN},
}
@article{bib:parmetis2013,
    author    = {Dominique Lasalle and George Karypis},
    title     = {Multi-threaded Graph Partitioning},
    journal   = {Parallel and Distributed Processing Symposium, International},
    volume    = {0},
    issn      = {1530-2075},
    year      = {2013},
    pages     = {225-236},
    doi       = {http://doi.ieeecomputersociety.org/10.1109/IPDPS.2013.50},
    publisher = {IEEE Computer Society},
    address   = {Los Alamitos, CA, USA},
}
@inproceedings{bib:parmetisKarypis1996,
    author    = {Karypis, George and Kumar, Vipin},
    title     = {Parallel Multilevel K-way Partitioning Scheme for Irregular Graphs},
    booktitle = {Proceedings of the 1996 ACM/IEEE Conference on Supercomputing},
    series    = {Supercomputing '96},
    year      = {1996},
    isbn      = {0-89791-854-1},
    location  = {Pittsburgh, Pennsylvania, USA},
    articleno = {35},
    url       = {http://dx.doi.org/10.1145/369028.369103},
    doi       = {10.1145/369028.369103},
    acmid     = {369103},
    publisher = {IEEE Computer Society},
    address   = {Washington, DC, USA},
} 
@Manual{bib:parmetisMan,
    Title        = {{PARMETIS} - Parallel Graph Partitioning and Sparse Matrix Ordering Library {Version 4.0}},

    Address      = {Minneapolis, MN 55455},
    Author       = {George Karypis and Kirk Schloegel},
    Month        = {March},
    Organization = {University of Minnesota, Department of Computer Science and Engineering},
    Year         = {2013},
}
@book{bib:matlab2013,
    year      = {2013},
    author    = {MATLAB},
    title     = {Release R2013b},
    publisher = {The MathWorks Inc.},
    address   = {Natick, Massachusetts}
}
@book{bib:GitChacon2009,
    author    = {Chacon, Scott},
    title     = {Pro Git},
    year      = {2009},
    isbn      = {1430218339, 9781430218333},
    publisher = {Apress},
    address   = {Berkely, CA, USA},
    note      = {Available online: \url{http://git-scm.com/book}}
} 
@book{bib:strang2007computational,
    title     = {Computational Science and Engineering},
    author    = {Strang, G.},
    isbn      = {9780961408817},
    lccn      = {84052450},
    url       = {http://books.google.ca/books?id         = GQ9pQgAACAAJ},
    year      = {2007},
    publisher = {Wellesley-Cambridge Press},
    note = {Source code available online at: \url{http://math.mit.edu/cse/}},
}
@book{bib:c++prata2004,
    title     = {C++ Primer Plus},
    author    = {Prata, S.},
    isbn      = {9780131388208},
    url       = {http://books.google.ca/books?id = yTVlLrTdf98C},
    year      = {2004},
    publisher = {Pearson Education}
}
@book{bib:c++stroustrup2013,
    title     = {The C++ Programming Language},
    author    = {Stroustrup, B.},
    isbn      = {9780133522853},
    url       = {http://books.google.ca/books?id = PSUNAAAAQBAJ},
    year      = {2013},
    publisher = {Pearson Education}
}
@article{bib:libMesh,
    author  = {B.~S.~Kirk and J.~W.~Peterson and R.~H.~Stogner and G.~F.~Carey},
    title   = {{\texttt{libMesh}: A C++ Library for Parallel Adaptive Mesh Refinement/Coarsening Simulations}},
    journal = {Engineering with Computers},
    volume  = {22},
    number  = {3--4},
    pages   = {237--254},
    year    = {2006},
    note    = {\url{http://dx.doi.org/10.1007/s00366-006-0049-3}}
}
@article{bib:bdunefempaper:10,
    author  = {Dedner, A. and  Kl\"ofkorn, R. and Nolte, M. and Ohlberger, M.},
    title   = {{A Generic Interface for Parallel and Adaptive Scientific Computing: Abstraction Principles and the DUNE-FEM Module}},
    journal = {Computing},
    volume  = {90},
    number  = {3--4},
    pages   = {165--196},
    year    = {2010},
    doi     = {http://www.springerlink.com/content/vj103u6079861001/},
    pdf     = {http://aam.mathematik.uni-freiburg.de/IAM/homepages/robertk/postscript/dkno_dunefempreprint.pdf}
}
@misc{bib:dunefemwebpage,
    author = {Dedner, A. and Kl{\"o}fkorn, R. and Nolte, M. and Ohlberger, M.},
    title  = {{DUNE-FEM} {W}eb page},
    note   = {http://dune.mathematik.uni-freiburg.de},
    year   = {2011}
}
@ARTICLE{bib:blas,
    author  = {L. S. Blackford and J. Demmel and J. Dongarra and I. Duff and S. Hammarling and G. Henry and M. Heroux and L. Kaufman and A. Lumsdaine and A. Petitet and R. Pozo and K. Remington and R. C. Whaley},
    title   = {An Updated Set of Basic Linear Algebra Subprograms (BLAS)},
    journal = {ACM Transactions on Mathematical Software},
    year    = {2001},
    volume  = {28},
    pages   = {135--151}
}
@article{bib:blasDongarra:2002,
    author    = {Dongarra, J.},
    title     = {{Basic Linear Algebra Subprograms Technical Forum Standard}},
    journal   = {International Journal of High Performance Applications and Supercomputing},
    number    = {1},
    pages     = {1--111},
    volume    = {16},
    year      = {2002}
}
@misc{bib:openmp,
    author = {{OpenMP Architecture Review Board}},
    title = {{OpenMP} Application Program Interface},
    year = 2013,
    url = {http://openmp.org/wp/openmp-specifications/}
}
@book{bib:paraview,
    title     = {The ParaView Guide},
    author    = {Squillacote, A.H.},
    year      = {2007},
    publisher = {Kitware},
    note      = {\url{http://www.paraview.org/}}
}
@book{bib:multigridZhu2006,
    title     = {Multigrid Finite Element Methods for Electromagnetic Field Modeling},
    author    = {Zhu, Y. and Cangellaris, A.C.},
    isbn      = {9780471786375},
    series    = {IEEE Press Series on Electromagnetic Wave Theory},
    year      = {2006},
    publisher = {Wiley}
}
@book{bib:PGMkoller2009,
    title     = {Probabilistic Graphical Models: Principles and Techniques},
    author    = {Koller, D. and Friedman, N.},
    isbn      = {9780262013192},
    lccn      = {2009008615},
    series    = {Adaptive computation and machine learning},
    year      = {2009},
    publisher = {MIT Press}
}
@article{bib:moore1965,
    author  = {Moore, Gordon E.},
    journal = {Electronics},
    month   = {April},
    number  = 8,
    title   = {Cramming more components onto integrated circuits},
    volume  = 38,
    year    = 1965
}
@article{bib:Bethe,
    jstor_articletype   = {research-article},
    title               = {Statistical Theory of Superlattices},
    author              = {Bethe, H. A.},
    journal             = {Proceedings of the Royal Society of London. Series A, Mathematical and Physical Sciences},
    jstor_issuetitle    = {},
    volume              = {150},
    number              = {871},
    jstor_formatteddate = {Jul. 1, 1935},
    pages               = {pp. 552-575},
    url                 = {http://www.jstor.org/stable/96250},
    ISSN                = {00804630},
    abstract            = {},
    language            = {English},
    year                = {1935},
    publisher           = {The Royal Society},
    copyright           = {Copyright ¬© 1935 The Royal Society},
}
@article{bib:Kikuchi,
    title     = {A Theory of Cooperative Phenomena},
    author    = {Kikuchi, Ryoichi},
    journal   = {Phys. Rev.},
    volume    = {81},
    issue     = {6},
    pages     = {988--1003},
    numpages  = {0},
    year      = {1951},
    month     = {March},
    publisher = {American Physical Society},
    doi       = {10.1103/PhysRev.81.988},
    url       = {http://link.aps.org/doi/10.1103/PhysRev.81.988}
}
@article{bib:Bolz2003SMSGPUs,
    author     = {Bolz, Jeff and Farmer, Ian and Grinspun, Eitan and Schr\"{o}oder, Peter},
    title      = {Sparse Matrix Solvers on the {GPU}: Conjugate Gradients and Multigrid},
    journal    = {ACM Trans. Graph.},
    issue_date = {July 2003},
    volume     = {22},
    number     = {3},
    month      = {July},
    year       = {2003},
    issn       = {0730-0301},
    pages      = {917--924},
    numpages   = {8},
    url        = {http://doi.acm.org/10.1145/882262.882364},
    doi        = {10.1145/882262.882364},
    acmid      = {882364},
    publisher  = {ACM},
    address    = {New York, NY, USA},
    keywords   = {GPU computing, Navier-Stokes, conjugate gradient, fluid simulation, mesh smoothing, multigrid, numerical simulation},
} 
@INPROCEEDINGS{bib:rodriguez2006NSM,
    title     = {Non structured meshes for Cloth {GPU} simulation using {FEM}},
    author    = {Rodr{\'\i}guez-Navarro, Javier and Sus{\'\i}n, Antonio},
    booktitle = {VRIPHYS},
    pages     = {1--7},
    year      = {2006}
}
@article{bib:Komatitsch2009PHF,
    author     = {Komatitsch, Dimitri and Mich{\'e}a, David and Erlebacher, Gordon},
    title      = {Porting a High-order Finite-element Earthquake Modeling Application to {NVIDIA} Graphics Cards Using {CUDA}},
    journal    = {J. Parallel Distrib. Comput.},
    issue_date = {May, 2009},
    volume     = {69},
    number     = {5},
    month      = {May},
    year       = {2009},
    issn       = {0743-7315},
    pages      = {451--460},
    numpages   = {10},
    url        = {http://dx.doi.org/10.1016/j.jpdc.2009.01.006},
    doi        = {10.1016/j.jpdc.2009.01.006},
    acmid      = {1529204},
    publisher  = {Academic Press, Inc.},
    address    = {Orlando, FL, USA},
    keywords   = {CUDA, Finite elements, GPGPU, Spectral methods, Speedup},
} 
@book{bib:Hesthaven2007NDG,
    author    = {Hesthaven, Jan S. and Warburton, Tim},
    title     = {Nodal Discontinuous {G}alerkin Methods: Algorithms, Analysis, and Applications},
    year      = {2007},
    isbn      = {0387720650, 9780387720654},
    edition   = {1st},
    publisher = {Incorporated Springer Publishing Company},
} 
@article{bib:Cris2011assemblyGPU,
    title = {Assembly of finite element methods on graphics processors},
    added-at = {2011-02-21T17:03:44.000+0100},
    author = {Cecka, Cris and Lew, Adrian J. and Darve, E.},
    biburl = {http://www.bibsonomy.org/bibtex/21240b51f67ccf678ac6f71d457ba7ccf/toevanen},
    doi = {10.1002/nme.2989},
    interhash = {a95aa28d31f8f172e8d83c34d6883359},
    intrahash = {1240b51f67ccf678ac6f71d457ba7ccf},
    issn = {10970207},
    journal = {International Journal for Numerical Methods in Engineering},
    keywords = {CUDA FEM},
    number = 5,
    pages = {640--669},
    publisher = {John Wiley & Sons, Ltd.},
    timestamp = {2011-02-21T17:03:44.000+0100},
    url = {http://dx.doi.org/10.1002/nme.2989},
    volume = 85,
    year = 2011
}
@article{bib:Dziekonski2013generation,
    title     = {Generation of large finite-element matrices on multiple graphics processors},
    author    = {Dziekonski, A and Sypek, P and Lamecki, A and Mrozowski, M},
    journal   = {International Journal for Numerical Methods in Engineering},
    volume    = {94},
    number    = {2},
    pages     = {204--220},
    year      = {2013},
    publisher = {Wiley Online Library}
}
@article{bib:Dziekonski2012finite,
    title   = {Finite Element Matrix Generation On a {GPU}},
    author  = {Dziekonski, Adam and Sypek, Piotr and Lamecki, Adam and Mrozowski, Michal},
    journal = {Progress In Electromagnetics Research},
    volume  = {128},
    year    = {2012}
}
@article{bib:Fu2014architecting,
    title     = {Architecting the finite element method pipeline for the {GPU}},
    author    = {Fu, Zhisong and James Lewis, T and Kirby, Robert M and Whitaker, Ross T},
    journal   = {Journal of Computational and Applied Mathematics},
    volume    = {257},
    pages     = {195--211},
    year      = {2014},
    publisher = {Elsevier}
}
@phdthesis{bib:Hoemmen2010EECS,
    Author = {Hoemmen, Mark Frederick},
    Title  = {Communication-avoiding {K}rylov subspace methods},
    School = {EECS Department, University of California, Berkeley},
    Year   = {2010},
    Month  = {April},
    URL    = {http://www.eecs.berkeley.edu/Pubs/TechRpts/2010/EECS-2010-37.html},
    Number = {UCB/EECS-2010-37}
}
@article{bib:Mehridehnavi2013CAGPU,
    title     = {Communication-Avoiding {K}rylov Techniques on Graphic Processing Units},
    author    = {MehriDehnavi, Maryam and El-Kurdi, Yousef and Demmel, James and Giannacopoulos, Dennis},
    journal   = {IEEE transactions on magnetics},
    volume    = {49},
    number    = {5},
    pages     = {1749--1752},
    year      = {2013},
    publisher = {Institute of Electrical and Electronics Engineers}
}
@manual{bib:Nvi11b,
    author = {{NVIDIA} Corporation},
    title  = {{NVIDIA} {CUDA} {C} Programming Guide},
    year   = {2013}
}
@article{bib:scinet,
    author  = {Loken, Chris and Gruner, Daniel and Groer, Leslie and Peltier, Richard and Bunn, Neil and Craig, Michael and Henriques, Teresa and Dempsey, Jillian and Yu, Ching-Hsing and Chen, Joseph and Dursi, L. Jonathan and Chong, Jason and Northrup, Scott and Pinto, Jaime and Knecht, Neil and Van Zon, Ramses},
    day     = {13},
    doi     = {10.1088/1742-6596/256/1/012026},
    issn    = {1742-6596},
    journal = {Journal of Physics: Conference Series},
    number  = {1},
    title   = {{SciNet}: Lessons Learned from Building a Power-efficient {T}op-20 System and Data Centre},
    volume  = {256},
    year    = {2010}
}
@MISC{bib:colesse,
    title        = {Colosse Supercomputing Cluster},
    note         = {retrieved 2014},
    howpublished = {\url{http://www.calculquebec.ca/en/resources/compute-servers/colosse}}
}
@ARTICLE{bib:David2012FEMSES, 
    author  = {FernaÃÅndez, D.M. and Dehnavi, M.M. and Gross, W.J. and Giannacopoulos, D.},
    journal = {IEEE Transactions on Magnetics},
    title   = {Alternate Parallel Processing Approach for {FEM}},
    year    = {2012},
    month   = {Feb.},
    volume  = {48},
    number  = {2},
    pages   = {399-402},
    doi     = {10.1109/TMAG.2011.2173304},
    ISSN    = {0018-9464},
}
@Article{bib:Kronbichler2012,
    Title    = {A generic interface for parallel cell-based finite element operator application },
    Author   = {Martin Kronbichler and Katharina Kormann},
    Journal  = {Computers \& Fluids },
    Year     = {2012},
    Number   = {0},
    Pages    = {135 - 147},
    Volume   = {63},
    Doi      = {http://dx.doi.org/10.1016/j.compfluid.2012.04.012},
    ISSN     = {0045-7930},
    Keywords = {Finite/spectral element method},
    Url      = {http://www.sciencedirect.com/science/article/pii/S0045793012001429}
}
@ARTICLE{bib:David2010PM, 
    author  = {FernaÃÅndez, D.M. and Giannacopoulos, D. and Gross, W.J.},
    journal = {IEEE Transactions on Magnetics},
    title   = {Multicore Acceleration of {CG} Algorithms Using Blocked-Pipeline-Matching Techniques},
    year    = {2010},
    month   = {Aug.},
    volume  = {46},
    number  = {8},
    pages   = {3057-3060},
    doi     = {10.1109/TMAG.2010.2044023},
    ISSN    = {0018-9464},
}
@INPROCEEDINGS{bib:Elkurdi2006FPGASMVM, 
    author    = {El-Kurdi, Y. and Gross, W.J. and Giannacopoulos, D.},
    booktitle = {FCCM '06. 14th Annual IEEE Symposium on Field-Programmable Custom Computing Machines, 2006.},
    title     = {Sparse Matrix-Vector Multiplication for Finite Element Method Matrices on {FPGAs}},
    year      = {2006},
    month     = {April},
    pages     = {293-294},
    doi       = {10.1109/FCCM.2006.65},
}
@ARTICLE{bib:Maryam2010GPUSMVM, 
    author   = {Dehnavi, M.M. and FernaÃÅndez, D.M. and Giannacopoulos, D.},
    journal  = {IEEE Transactions on Magnetics},
    title    = {Finite-Element Sparse Matrix Vector Multiplication on Graphic Processing Units},
    year     = {2010},
    month    = {Aug.},
    volume   = {46},
    number   = {8},
    pages    = {2982-2985},
    doi      = {10.1109/TMAG.2010.2043511},
    ISSN     = {0018-9464},
}
@ARTICLE{bib:Maryam2011GPUCG, 
    author   = {Dehnavi, M.M. and FernaÃÅndez, D.M. and Giannacopoulos, D.},
    journal  = {IEEE Transactions on Magnetics},
    title    = {Enhancing the Performance of Conjugate Gradient Solvers on Graphic Processing Units},
    year     = {2011},
    month    = {May},
    volume   = {47},
    number   = {5},
    pages    = {1162-1165},
    doi      = {10.1109/TMAG.2010.2081662},
    ISSN     = {0018-9464},
}
@INPROCEEDINGS{bib:Zhuo2005SMVMonFPGAs,
    author    = {Ling Zhuo and Viktor K. Prasanna},
    title     = {Sparse matrix-vector multiplication on {FPGAs}},
    booktitle = {In Proceedings of the ACM International Symposium on Field Programmable Gate Arrays},
    year      = {2005},
    pages     = {63--74},
    publisher = {ACM Press}
}
@inproceedings{bib:kestur2012towards,
    title        = {Towards a universal {FPGA} matrix-vector multiplication architecture},
    author       = {Kestur, Srinidhi and Davis, John D and Chung, Eric S},
    booktitle    = {2012 IEEE 20th Annual International Symposium on Field-Programmable Custom Computing Machines (FCCM)},
    pages        = {9--16},
    year         = {2012},
    organization = {IEEE}
}
@INPROCEEDINGS{bib:Demmel2002perfOpt, 
    author    = {Vuduc, R. and Demmel, J.W. and Yelick, K.A. and Kamil, S. and Nishtala, R. and Lee, B.},
    booktitle = {ACM/IEEE 2002 Conference Supercomputing},
    title     = {Performance Optimizations and Bounds for Sparse Matrix-Vector Multiply},
    year      = {2002},
    month     = {Nov.},
    pages     = {26-26},
    doi       = {10.1109/SC.2002.10025},
    ISSN      = {1063-9535},
}
@inproceedings{bib:bell2009implementing,
    title        = {Implementing sparse matrix-vector multiplication on throughput-oriented processors},
    author       = {Bell, Nathan and Garland, Michael},
    booktitle    = {Proceedings of the Conference on High Performance Computing Networking, Storage and Analysis},
    pages        = {18},
    year         = {2009},
    organization = {ACM}
}
@inproceedings{bib:shan2010fpga,
    title        = {{FPGA} and {GPU} implementation of large scale {SpMV}},
    author       = {Shan, Yi and Wu, Tianji and Wang, Yu and Wang, Bo and Wang, Zilong and Xu, Ningyi and Yang, Huazhong},
    booktitle    = {2010 IEEE 8th Symposium on Application Specific Processors (SASP)},
    pages        = {64--70},
    year         = {2010},
    organization = {IEEE}
}
@inproceedings{bib:sun1999mapping,
    title     = {Mapping sparse matrix-vector multiplication on {FPGAS}},
    author    = {Sun, Junqing and Peterson, Gregory and Storaasli, Olfa},
    booktitle = {Proceedings of Supercomputing},
    volume    = {99},
    year      = {1999}
}
@inproceedings{bib:Bulu2009ParSMVM,
    author    = {Bulu\c{c}, Aydin and Fineman, Jeremy T. and Frigo, Matteo and Gilbert, John R. and Leiserson, Charles E.},
    title     = {Parallel Sparse Matrix-vector and Matrix-transpose-vector Multiplication Using Compressed Sparse Blocks},
    booktitle = {Proceedings of the Twenty-first Annual Symposium on Parallelism in Algorithms and Architectures},
    series    = {SPAA '09},
    year      = {2009},
    isbn      = {978-1-60558-606-9},
    location  = {Calgary, AB, Canada},
    pages     = {233--244},
    numpages  = {12},
    url       = {http://doi.acm.org/10.1145/1583991.1584053},
    doi       = {10.1145/1583991.1584053},
    acmid     = {1584053},
    publisher = {ACM},
    address   = {New York, NY, USA},
}
@article{bib:weiss2012map,
    title   = {MAP estimation, linear programming and belief propagation with convex free energies},
    author  = {Weiss, Yair and Yanover, Chen and Meltzer, Talya},
    journal = {arXiv preprint arXiv:1206.5286},
    year    = {2012}
} 
@article{bib:yedidia2003understanding,
    title   = {Understanding belief propagation and its generalizations},
    author  = {Yedidia, Jonathan S and Freeman, William T and Weiss, Yair},
    journal = {Exploring artificial intelligence in the new millennium},
    volume  = {8},
    pages   = {236--239},
    year    = {2003}
}
@inproceedings{bib:ma2011data,
    title        = {Data parallelism for belief propagation in factor graphs},
    author       = {Ma, Nam and Xia, Yinglong and Prasanna, Viktor K},
    booktitle    = {2011 23rd International Symposium on Computer Architecture and High Performance Computing (SBAC-PAD)},
    pages        = {56--63},
    year         = {2011},
    organization = {IEEE}
}
@article{bib:sudderth2008signal,
    title     = {Signal and image processing with belief propagation},
    author    = {Sudderth, Erik B and Freeman, William T},
    journal   = {IEEE Signal Processing Magazine},
    volume    = {25},
    number    = {2},
    pages     = {114},
    year      = {2008},
    publisher = {INSTITUTE OF ELECTRICAL AND ELECTRONIC ENGINEERS}
}
@inproceedings{bib:mitrofanova2008integrative,
    title        = {Integrative protein function transfer using factor graphs and heterogeneous data sources},
    author       = {Mitrofanova, Antonina and Pavlovic, Vladimir and Mishra, Bud},
    booktitle    = {Bioinformatics and Biomedicine, 2008. BIBM'08. IEEE International Conference on},
    pages        = {314--318},
    year         = {2008},
    organization = {IEEE}
}
@article{bib:dean2008mapreduce,
    title     = {{MapReduce}: simplified data processing on large clusters},
    author    = {Dean, Jeffrey and Ghemawat, Sanjay},
    journal   = {Communications of the ACM},
    volume    = {51},
    number    = {1},
    pages     = {107--113},
    year      = {2008},
    publisher = {ACM}
}
@article{bib:xia2010scalable,
    title     = {Scalable node-level computation kernels for parallel exact inference},
    author    = {Xia, Yinglong and Prasanna, Viktor K},
    journal   = {Computers, IEEE Transactions on},
    volume    = {59},
    number    = {1},
    pages     = {103--115},
    year      = {2010},
    publisher = {IEEE}
}
@inproceedings{bib:Gonzalez2009DPI,
    author    = {Gonzalez, Joseph E. and Low, Yucheng and Guestrin, Carlos and O'Hallaron, David},
    title     = {Distributed Parallel Inference on Large Factor Graphs},
    booktitle = {Proceedings of the Twenty-Fifth Conference on Uncertainty in Artificial Intelligence},
    series    = {UAI '09},
    year      = {2009},
    isbn      = {978-0-9749039-5-8},
    location  = {Montreal, Quebec, Canada},
    pages     = {203--212},
    numpages  = {10},
    url       = {http://dl.acm.org/citation.cfm?id                                                      = 1795114.1795139},
    acmid     = {1795139},
    publisher = {AUAI Press},
    address   = {Arlington, Virginia, United States},
} 
@inproceedings{bib:gonzalez2009residual,
    title     = {Residual splash for optimally parallelizing belief propagation},
    author    = {Gonzalez, Joseph and Low, Yucheng and Guestrin, Carlos},
    booktitle = {International Conference on Artificial Intelligence and Statistics},
    pages     = {177--184},
    year      = {2009}
}
@article{bib:Hsieh2012PBP,
    author     = {Hsieh, Kun-Yuan and Lai, Chi-Hua and Lai, Shang-Hong and Lee, Jenq Kuen},
    title      = {Parallelization of Belief Propagation on Cell Processors for Stereo Vision},
    journal    = {ACM Trans. Embed. Comput. Syst.},
    issue_date = {June 2012},
    volume     = {11S},
    number     = {1},
    month      = jun,
    year       = {2012},
    issn       = {1539-9087},
    pages      = {13:1--13:15},
    articleno  = {13},
    numpages   = {15},
    url        = {http://doi.acm.org/10.1145/2180887.2180889},
    doi        = {10.1145/2180887.2180889},
    acmid      = {2180889},
    publisher  = {ACM},
    address    = {New York, NY, USA},
    keywords   = {Belief propagation, Markov network, multicore processors, optimization, parallelization, stereo vision},
}
@article{bib:im2004sparsity,
    title     = {Sparsity: Optimization framework for sparse matrix kernels},
    author    = {Im, Eun-Jin and Yelick, Katherine and Vuduc, Richard},
    journal   = {International Journal of High Performance Computing Applications},
    volume    = {18},
    number    = {1},
    pages     = {135--158},
    year      = {2004},
    publisher = {SAGE Publications}
} 
@inproceedings{bib:geus1999towards,
    title        = {Towards a fast parallel sparse matrix-vector multiplication.},
    author       = {Geus, Roman and R{\"o}llin, Stefan},
    booktitle    = {PARCO},
    pages        = {308--315},
    year         = {1999},
    organization = {Citeseer}
}
@inproceedings{bib:willcock2006accelerating,
    title        = {Accelerating sparse matrix computations via data compression},
    author       = {Willcock, Jeremiah and Lumsdaine, Andrew},
    booktitle    = {Proceedings of the 20th annual international conference on Supercomputing},
    pages        = {307--316},
    year         = {2006},
    organization = {ACM}
}
@inproceedings{bib:kourtis2008optimizing,
    title        = {Optimizing sparse matrix-vector multiplication using index and value compression},
    author       = {Kourtis, Kornilios and Goumas, Georgios and Koziris, Nectarios},
    booktitle    = {Proceedings of the 5th conference on Computing frontiers},
    pages        = {87--96},
    year         = {2008},
    organization = {ACM}
}
@article{bib:mellor2004optimizing,
    title     = {Optimizing sparse matrix--vector product computations using unroll and jam},
    author    = {Mellor-Crummey, John and Garvin, John},
    journal   = {International Journal of High Performance Computing Applications},
    volume    = {18},
    number    = {2},
    pages     = {225--236},
    year      = {2004},
    publisher = {SAGE Publications}
}
@article{bib:Chronopoulos1989153,
title   = "$s$-step iterative methods for symmetric linear systems ",
journal = "Journal of Computational and Applied Mathematics ",
volume  = "25",
number  = "2",
pages   = "153 - 168",
year    = "1989",
note    = "",
doi     = "http://dx.doi.org/10.1016/0377-0427(89)90045-9",
url     = "http://www.sciencedirect.com/science/article/pii/0377042789900459",
author  = "A.T. Chronopoulos and C.W. Gear",
}
@book{bib:ChanAgg,
  title     = {An Agglomeration Multigrid Method for Unstructured Grids},
  author    = {Chan, T.F. and Xu, J. and Zikatanov, L. and Eberly College of Science. Department of Mathematics},
  series    = {PSU applied mathematics report series},
  year      = {1998},
  publisher = {Penn State Department of Mathematics}
}
@article{bib:janssen2011adaptive,
  title={Adaptive Multilevel Methods with Local Smoothing for {$H^{1}$}-and {$H^{\text{curl}}$}-Conforming High Order Finite Element Methods},
  author={Janssen, B{\"a}rbel and Kanschat, Guido},
  journal={SIAM Journal on Scientific Computing},
  volume={33},
  number={4},
  pages={2095--2114},
  year={2011},
  publisher={SIAM}
}
